%@book{kopka1991latex,
%	author = {Kopka, Helmut and Rahtz, Sebastian},
%	publisher = {Addison-Wesley},
%	title = {LaTeX: Einf\"{u}hrung},
%	volume = {2},
%	year = {1991}
%}
%
%@online{latexKomp,
%	lastchecked = {2014-09-14},
%	title = {LaTeX-Kompendium -- Wikibooks, Sammlung freier Lehr-, Sach- und Fachb\"{u}cher},
%	url = {http://de.wikibooks.org/wiki/LaTeX-Kompendium},
%    key = {LaTeX-Kompendium}
%}
%
%@online{quelle,
%	lastchecked = {2014-09-01},
%	title = {Quellenangabe -- Wikipedia},
%	url = {http://de.wikipedia.org/wiki/Quellenangabe#.C3.96sterreich},
%    key = {Quellenangabe}
%}
%
%@online{wiki:quelle,
%	author = {Wikipedia},
%	lastchecked = {2014-09-14},
%	title = {Quellenangabe --- Wikipedia{,} Die freie Enzyklopädie},
%	url = {http://de.wikipedia.org/w/index.php?title=Quellenangabe&oldid=131343956},
%    key = {Quellenangabe}
%}
%
%@online{ wiki:zitat,
%   author = "Wikipedia",
%   title = "Zitat --- Wikipedia{,} Die freie Enzyklopädie",
%   url = "http://de.wikipedia.org/w/index.php?title=Zitat&oldid=134064196",
%   lastchecked = "2014-09-14",
%   key = {Zitat --- Wikipedia}
% }
%
%@online{ris57,
%	lastchecked = {2014-09-14},
%	title = {Urheberrechtsgesetz},
%	url = {http://www.ris.bka.gv.at/Dokumente/Bundesnormen/NOR40041632/NOR40041632.html},
%    key = {Urheberrechtsgesetz}
%}
%
%@article{dittrich,
%	author = {Dittrich, Robert},
%	isbn = {3406516831},
%	journal = {Urheberrecht im Informationszeitalter. Festschrift f\"{u}r Wilhelm Nordemann.},
%	location = {M\"{u}nchen},
%	pages = {617--624},
%	title = {Zur Quellenangabe bei Zitaten.},
%	year = {2004},
%    key = {Quellenangabe bei Zitaten}
%}
%
%@online{layout,
%  lastchecked = {2014-09-17},
%  url = {http://www.siart.de/typografie/latextipps.xhtml#layout},
%  title = {LaTeX-Tipps},
%  key = {LaTeX-Tipps}
%}
%
%@online{listingtipp,
%  lastchecked = {2014-09-17},
%  url = {http://uweziegenhagen.de/?p=1500},
%  title={LaTeX: Umlaute in utf8 Listings korrekt ausgeben},
%  key = {LaTeX: Umlaute in utf8 Listings korrekt ausgeben}
%}
%
%@online{hagenberg,
%lastchecked = {2016-10-09},
%url = {https://github.com/Digital-Media/HagenbergThesis},
%title={Hagenberg LaTeX Thesis Template},
%key = {Hagenberg LaTeX Thesis Template}
%}
%
%@online{leitfaden,
%lastchecked = { 2018-04-24 },
%url = { https://moodle.htl.rennweg.at/MoodleKurs-Matura/HTL_RDP-AP_Leitfaden.pdf },
%title = { Reife- und Diplomprüfung, Abschlussprüfung an technischen, gewerblichen und kunstgewerblichen Lehranstalten },
%key = {Reife- und Diplomprüfung}
%}
%
%@online{zitate,
%lastchecked = { 2020-02-11 },
%url = { http://www.diplomarbeiten-bbs.at/hinweise-zum-wissenschaftlichen-arbeiten/zitation-plagiate },
%title = { Zitation - Plagiate },
%key = {Zitation - Plagiate}
%}

@online{jdocFile,
	lastchecked = { 2024-01-04 },
	url = { https://docs.oracle.com/javase/8/docs/api/java/io/File.html },
	title = { File (Java Platform SE 8 ) },
	key = { File (Java Platform SE 8 ) }
}

@online{androidDevNPE,
	lastchecked = { 2024-01-04 },
	url = { https://developer.android.com/topic/performance/vitals/crash#prevent-crashes-null-pointer },
	title = { Crashes | App Quality | Android Developers },
	key = { Crashes | App Quality | Android Developers }
}

@online{infoqNullRefs,
	lastchecked = { 2024-01-04 },
	url = { https://www.infoq.com/presentations/Null-References-The-Billion-Dollar-Mistake-Tony-Hoare/ },
	title = { Null References: The Billion Dollar Mistake },
	key = { Null References: The Billion Dollar Mistake }
}

@online{jdocOptional,
	lastchecked = { 2024-01-04 },
	url = { https://docs.oracle.com/javase/8/docs/api/java/util/Optional.html },
	title = { Optional (Java Platform SE 8 ) },
	key = { Optional (Java Platform SE 8 ) }
}

@online{rustDocOptional,
	lastchecked = { 2024-01-04 },
	url = { https://doc.rust-lang.org/std/option/enum.Option.html },
	title = { Option in std::option - Rust },
	key = { Option in std::option - Rust }
}

@online{androidDevGoogleHome,
	lastchecked = { 2024-01-05 },
	url = { https://developer.android.com/stories/apps/google-home },
	title = { Google Home reduces number 1 cause of crashes by 33% | Developer stories | Android Developers },
	key = { Google Home reduces number 1 cause of crashes by 33% | Developer stories | Android Developers }
}

@online{kdocNullSafety,
	lastchecked = { 2024-01-05 },
	url = { https://kotlinlang.org/docs/null-safety.html },
	title = { Null Safety | Kotlin Documentation },
	key = { Null Safety | Kotlin Documentation }
}

@online{kdocNullInterop,
	lastchecked = { 2024-01-07 },
	url = { https://kotlinlang.org/docs/java-to-kotlin-nullability-guide.html },
	title = { Nullability in Java and Kotlin | Kotlin Documentation },
	key = { Nullability in Java and Kotlin | Kotlin Documentation }
}

@online{kblogNullSafety,
	lastchecked = { 2024-01-07 },
	url = { https://blog.jetbrains.com/kotlin/2015/04/upcoming-change-more-null-safety-for-java/ },
	title = { Upcoming Change: More Null-safety for Java },
	key = { Upcoming Change: More Null-safety for Java }
}

@online{kspecSmartCasts,
	lastchecked = { 2024-01-08 },
	url = { https://kotlinlang.org/spec/type-inference.html#smart-casts },
	title = { Type Inference - Kotlin language sepcification },
	key = { Type Inference - Kotlin language sepcification }
}

@online{kspecNothing,
	lastchecked = { 2024-01-08 },
	url = { https://kotlinlang.org/spec/type-system.html#kotlin.nothing-typesystem },
	title = { Type System - Kotlin language specification | Nothing },
	key = { Type System - Kotlin language specification | Nothing }
}

@online{kspeCFG,
	lastchecked = { 2024-01-08 },
	url = { https://kotlinlang.org/spec/control--and-data-flow-analysis.html },
	title = { Control- and data-flow analysis - Kotlin language specification },
	key = { Control- and data-flow analysis - Kotlin language specification }
}

@online{mdnDocsClosures,
	lastchecked = { 2024-01-08 },
	url = { https://developer.mozilla.org/en-US/docs/Web/JavaScript/Closures },
	title = { Closures - Javascript | MDN },
	key = { Closures - Javascript | MDN }
}

@online{jarticleLambdas,
	lastchecked = { 2024-01-08 },
	url = { https://www.oracle.com/technical-resources/articles/java/architect-lambdas-part1.html },
	title = { Java 8: Lambdas, Part 1 },
	key = { Java 8: Lambdas, Part 1 }
}

@online{kspecIntroduction,
	lastchecked = { 2024-01-08 },
	url = { https://kotlinlang.org/spec/introduction.html },
	title = { Introduction - Kotlin language specification },
	key = { Introduction - Kotlin language specification }
}

@online{kspecLambdaLiteral,
	lastchecked = { 2024-01-08 },
	url = { https://kotlinlang.org/spec/expressions.html#lambda-literals },
	title = { Expressions - Kotlin language specification | Lambda Literals },
	key = { Expressions - Kotlin language specification | Lambda Literals }
}

@online{kdocExtensions,
	lastchecked = { 2024-01-09 },
	url = { https://kotlinlang.org/docs/extensions.html },
	title = { Extensions | Kotlin Documentation },
	key = { Extensions | Kotlin Documentation }
}

@online{kdocLambdas,
	lastchecked = { 2024-01-09 },
	url = { https://kotlinlang.org/docs/lambdas.html },
	title = { Higher-order functions and lambdas | Kotlin Documentation },
	key = { Higher-order functions and lambdas | Kotlin Documentation }
}

@online{kdocInline,
	lastchecked = { 2024-01-21 },
	url = { https://kotlinlang.org/docs/inline-functions.html },
	title = { Inline Functions | Kotlin Documentation },
	key = { Inline Functions | Kotlin Documentation }
}

@online{crefInline,
	lastchecked = { 2024-01-09 },
	url = { https://en.cppreference.com/w/c/language/inline },
	title = { inline function specifier - cppreference.com },
	key = { inline function specifier - cppreference.com }
}

@online{youTrackFakeVariables,
	lastchecked = { 2024-01-21 },
	url = { https://youtrack.jetbrains.com/issue/KT-34898#focus=streamItem-27-3794685.0-0 },
	title = { Redundant boolean var1 = false bytecode generation : KT-34898 },
	key = { Redundant boolean var1 = false bytecode generation : KT-34898 }
}

@online{youTrackNops,
	lastchecked = { 2024-01-21 },
	url = { https://youtrack.jetbrains.com/issue/KT-14515/Unnecessary-nops-in-generated-bytecode-try-finally-inline-function-calls },
	title = { Unnecessary nops in generated bytecode (try-finally, inline function calls) : KT-14515 },
	key = { Unnecessary nops in generated bytecode (try-finally, inline function calls) : KT-14515 }
}

@online{jvmspecLVT,
	lastchecked = { 2024-01-21 },
	url = { https://docs.oracle.com/javase/specs/jvms/se7/html/jvms-4.html#jvms-4.7.13 },
	title = { Chapter 4. The class File Format },
	key = { Chapter 4. The class File Format }
}

@online{jdocTypeErasure,
	lastchecked = { 2024-01-21 },
	url = { https://docs.oracle.com/javase/tutorial/java/generics/erasure.html },
	title = { Type Erasure (The Java™ Tutorials > Learning the Java Language > Generics (Updated)) },
	key = { Type Erasure (The Java™ Tutorials > Learning the Java Language > Generics (Updated)) }
}

@online{androidDevKotlinFirst,
	lastchecked = { 2024-01-22 },
	url = { https://developer.android.com/kotlin/first },
	title = { Android’s Kotlin-first approach | Android Developers },
	key = { Android’s Kotlin-first approach | Android Developers }
}

@online{soDevSurvey23,
	lastchecked = { 2024-01-22 },
	url = { https://survey.stackoverflow.co/2023/# },
	title = { Stack Overflow Developer Survey 2023 },
	key = { Stack Overflow Developer Survey 2023 }
}

@online{kMediaKit,
	lastchecked = { 2024-01-22 },
	url = { https://kotlinlang.org/assets/kotlin-media-kit.pdf },
	title = { Kotlin Media Kit },
	key = { Kotlin Media Kit },
	author = {Tatiana Grin},
}
